<?xml version="1.0" encoding="UTF-8"?>
<collection xmlns:xsi="http://www.w3.org/2001/XMLSchema-instance" xsi:schemaLocation="http://www.loc.gov/MARC21/slim http://www.loc.gov/standards/marcxml/schema/MARC21slim.xsd" xmlns="http://www.loc.gov/MARC21/slim">
<record>
  <leader>00800nam a22002051i 4500</leader>
  <controlfield tag="001">988720</controlfield>
  <controlfield tag="003">NNC</controlfield>
  <controlfield tag="005">20030428214428.0</controlfield>
  <controlfield tag="008">901206s1931    ua            000 0 ara d</controlfield>
  <datafield tag="035" ind1=" " ind2=" ">
    <subfield code="a">(OCoLC)ocm22783513</subfield>
  </datafield>
  <datafield tag="035" ind1=" " ind2=" ">
    <subfield code="9">AFK4460CU</subfield>
  </datafield>
  <datafield tag="040" ind1=" " ind2=" ">
    <subfield code="a">ZCU</subfield>
    <subfield code="c">ZCU</subfield>
  </datafield>
  <datafield tag="090" ind1=" " ind2=" ">
    <subfield code="a">BJ1291</subfield>
    <subfield code="b">.J33</subfield>
  </datafield>
  <datafield tag="100" ind1="1" ind2=" ">
    <subfield code="a">Shams al-Khilāfah, Jaʻfar ibn Muḥammad,</subfield>
    <subfield code="d">1148-1225.</subfield>
  </datafield>
  <datafield tag="240" ind1="1" ind2="0">
    <subfield code="a">Ādāb al-nāfiʻah bi-al-alfāẓ al-mukhtārah al-jāmiʻah</subfield>
  </datafield>
  <datafield tag="245" ind1="1" ind2="0">
    <subfield code="a">Kitāb al-Ādāb /</subfield>
    <subfield code="c">li-Jaʻfar ibn Shams al-Khilāfah Majd al-Mulk ; ʻuniya bi-taṣḥīḥihī wa-ḍabṭ alfāẓi-hī wa-tafsīrihā Maḥammad Amīn al-Khānjī.</subfield>
  </datafield>
  <datafield tag="260" ind1=" " ind2=" ">
    <subfield code="a">Miṣr :</subfield>
    <subfield code="b">Maktabat al-Khānjī,</subfield>
    <subfield code="c">1349 h., 1931 m.</subfield>
  </datafield>
  <datafield tag="300" ind1=" " ind2=" ">
    <subfield code="a">16, 158 p. ;</subfield>
    <subfield code="c">23 cm.</subfield>
  </datafield>
  <datafield tag="650" ind1=" " ind2="0">
    <subfield code="a">Islamic ethics</subfield>
    <subfield code="v">Early works to 1800.</subfield>
  </datafield>
  <datafield tag="955" ind1=" " ind2=" ">
    <subfield code="b">0036758264</subfield>
    <subfield code="d">glx</subfield>
    <subfield code="e">BJ1291 .J33</subfield>
  </datafield>
</record>
</collection>